@article{DBLP:journals/corr/MalmiW16,
  author    = {Eric Malmi and
               Ingmar Weber},
  title     = {You Are What Apps You Use: Demographic Prediction Based on User's Apps},
  journal   = {CoRR},
  volume    = {abs/1603.00059},
  year      = {2016},
  url       = {http://arxiv.org/abs/1603.00059},
  timestamp = {Sat, 02 Apr 2016 11:49:48 +0200},
  biburl    = {http://dblp.uni-trier.de/rec/bib/journals/corr/MalmiW16},
  bibsource = {dblp computer science bibliography, http://dblp.org}
}

@inproceedings{Seneviratne:2014:YIA:2646584.2646587,
 author = {Seneviratne, Suranga and Seneviratne, Aruna and Mohapatra, Prasant and Mahanti, Anirban},
 title = {Your Installed Apps Reveal Your Gender and More!},
 booktitle = {Proceedings of the ACM MobiCom Workshop on Security and Privacy in Mobile Environments},
 series = {SPME '14},
 year = {2014},
 isbn = {978-1-4503-3075-6},
 location = {Maui, Hawaii, USA},
 pages = {1--6},
 numpages = {6},
 url = {http://doi.acm.org/10.1145/2646584.2646587},
 doi = {10.1145/2646584.2646587},
 acmid = {2646587},
 publisher = {ACM},
 address = {New York, NY, USA},
 keywords = {apps, inference attacks, privacy, smartphones, user traits},
} 

@inproceedings{hu2007demographic,
  title={Demographic prediction based on user's browsing behavior},
  author={Hu, Jian and Zeng, Hua-Jun and Li, Hua and Niu, Cheng and Chen, Zheng},
  booktitle={Proceedings of the 16th international conference on World Wide Web},
  pages={151--160},
  year={2007},
  organization={ACM}
}

@inproceedings{Joachims:1998:TCS:645326.649721,
 author = {Joachims, Thorsten},
 title = {Text Categorization with Suport Vector Machines: Learning with Many Relevant Features},
 booktitle = {Proceedings of the 10th European Conference on Machine Learning},
 series = {ECML '98},
 year = {1998},
 isbn = {3-540-64417-2},
 pages = {137--142},
 numpages = {6},
 url = {http://dl.acm.org/citation.cfm?id=645326.649721},
 acmid = {649721},
 publisher = {Springer-Verlag},
 address = {London, UK, UK},
} 
